 @Misc{ims,
	author = {Petr Peringer and Martin Hrubý},
	title = {
		Modelování a~simulace, Text k~přednáškám kursu
		Modelování a~simulace na FIT VUT v~Brně
	},
	howpublished = {[online]},
	year = {10. prosinec 2021},
	url = {https://www.fit.vutbr.cz/study/courses/IMS/public/prednasky/IMS.pdf},
}

@Misc{simlib,
	author = {Petr Peringer and David Leska and David Martinek},
	title = {SIMLIB/C++ (SIMulation LIBrary for C++)},
	howpublished = {[online]},
	year = {10. prosinec 2021},
	url = {http://www.fit.vutbr.cz/~peringer/SIMLIB},
}

 @Misc{bp,
	author = {Michal Řihák},
	title = {Analýza současného výrobního procesu ve vybrané firmě },
	howpublished = {[online]},
	year = {10. prosinec 2021},
	url = {http://digilib.k.utb.cz/bitstream/handle/10563/22155/%20ih%C3%A1k_2012_bp.pdf?sequence=1},
}

